% Object-relational DBMSs: Tracking the Next Great Wave
@Book{bib:ordbms-tracking-the-next-great-wave,
  Title                    = {Object-relational DBMSs: Tracking the Next Great Wave},
  Author                   = {Michael Stonebraker and Paul Brown and Dorothy Moore},
  Publisher                = {Morgan Kaufmann Publishers},
  Year                     = {1999},
  Address                  = {San Francisco},
  ISBN                     = {1558604529}
}

% Object-relational DBMSs: The Next Great Wave
@Book{bib:ordbms-the-next-great-wave,
  Title                    = {Object-relational DBMSs: The Next Great Wave},
  Author                   = {Michael Stonebraker and Dorothy Moore},
  Publisher                = {Morgan Kaufmann Publishers},
  Year                     = {1996},
  Address                  = {San Francisco},
  ISBN                     = {1558603972}
}
 
% Podręcznik Oracle
@Book{bib:oracle-book,
  Title                    = {Beginning Oracle SQL for Oracle Database 12c},
  Author                   = {Lex de Haan and Tim Gorman and Inger Jørgensen and Melanie Caffrey},
  Publisher                = {Aspress},
  Year                     = {2014},
  Address                  = {New York},
  ISBN                     = {978-1-4302-6556-6}
}
 
% Podręcznik PostgreSQL
@Book{bib:postgres-book,
  Title                    = {Mastering PostgreSQL 11},
  Author                   = {Hans-Jürgen Schönig},
  Publisher                = {Packt},
  Year                     = {2019},
  ISBN                     = {978-1-78953-781-9}
}
 
% Podręcznik DB2
@Book{bib:db2-book,
  Title                    = {DB2 UDB Evaluation Guide for Linux and Windows},
  Author                   = {Whei-Jen Chen and Angus Beaton and David Kline and Glen Johnson},
  Publisher                = {Redbooks},
  Year                     = {2003},
  ISBN                     = {0738429260}
}
 
 
% Evolution of Object-Oriented Database Systems 
@Article{bib:evolution-odbs,
  Title                    = {Evolution of {O}bject-{O}riented {D}atabase {S}ystems},
  Author                   = {Hibatullah Alzahrani},
  Journal                  = {Global Journal of Computer Science and Technology: Software {\&} Data Engineering},
  Year                     = {2016},
  Volume                   = {16},
  Number                   = {3}
}
 
% Solving Relational Database Problems with ORDBMS in an Advanced Database Course
@Article{bib:solving-relational-DB-problems-with-ORDBMS,
  Title                    = {Solving {R}elational {D}atabase {P}roblems with {ORDBMS} in an {A}dvanced {D}atabase {C}ourse},
  Author                   = {Ming Wang},
  Journal                  = {Information Systems Education Journal},
  Year                     = {2011},
  Volume                   = {9},
  Number                   = {4},
  Pages                    = {80-90}
}

% A Formal Definition for Object-Relational Database Metrics
@InProceedings{bib:formal-ORDB-metrics,
  Title                    = {A~Formal Definition for Object-Relational Database Metrics},
  Author                   = {Aline Lúcia Baroni and Coral Calero and Mario Piattini and Fernando Brito e Abreu},
  Booktitle                = {Seventh International Conference on Enterprise Information Systems},
  Year                     = {25-28 Maja 2005},
}
 
% Fundamentals for the Automation of Object-Relational Database Design
@Article{bib:fundamentals-for-automation-of-ordb-design,
  Title                    = {Fundamentals for the {A}utomation of {O}bject-{R}elational {D}atabase {D}esign},
  Author                   = {Maria Fernanda Golobisky and Aldo Vecchietti},
  Journal                  = {International Journal of Computer Science Issues},
  Year                     = {2011},
  Volume                   = {8-3},
  Number                   = {2},
  Pages                    = {9-22}
}
 
% O-ODM Framework for Object-Relational Databases
@Article{bib:o-odm-framework,
  Title                    = {O-{ODM} {F}ramework for {O}bject-{R}elational {D}atabases},
  Author                   = {Carlos Alberto Rombaldo Jr and Solange N. Alves Souza},
  Journal                  = {International Journal of Interactive Multimedia and AI},
  Year                     = {2012},
  Volume                   = {1},
  Number                   = {6},
  Pages                    = {29-35}
}

% Storing and using objects in a relational database
@Article{bib:storing-and-using-objects,
  Title                    = {Storing and using objects in a relational database},
  Author                   = {B. Reinwald and T. J. Lehman and H. Pirahesh and V. Gottemukkala},
  Journal                  = {Ibm Systems Journal},
  Year                     = {1996},
  Volume                   = {35},
  Number                   = {2},
  Pages                    = {172-191}
}
 
% Study of using an Object-Relational Paradigm in building a Web Database Application
@Article{bib:study-of-or-paradigm-in-web-application,
  Title                    = {Study of using an {O}bject-{R}elational {P}aradigm in building a {W}eb {D}atabase {A}pplication},
  Author                   = {J. Wenny Rahayu and David Taniar and Lee Nung Kion and Eric Pardede},
  Journal                  = {International Journal of Computers and Their Applications},
  Year                     = {2003},
  Volume                   = {10},
  Number                   = {3},
  Pages                    = {171-184}
}
 
% An Object-Relational IFC Storage Model based on Oracle Database
@Article{bib:OR-IFC-storage-model-based-on-oracle,
  Title                    = {An {O}bject-{R}elational {IFC} {S}torage {M}odel based on {O}racle {D}atabase},
  Author                   = {Hang Li and Hua Liu and Yong Liu and Yuan Wang},
  Journal                  = {The International Archives of Photogrammetry, Remote Sensing and Spatial Information Sciences},
  Year                     = {2016},
  Volume                   = {XLI-B2},
  Pages                    = {625-631}
}

% The Object-Oriented Database System Manifesto
@InProceedings{bib:object-oriented-database-manifesto,
  Title                    = {The Object-Oriented Database System Manifesto},
  Author                   = {M. Atkinson and F. Bancilhon and D. Dewitt and K. Dittrich and D. Maier and S. Zdonik},
  Booktitle                = {First International Conference on Deductive and Object-Oriented Databases},
  Year                     = {1989},
  Address                  = {Kyoto, Japan}
}

% DB-Engines Ranking
@misc{bib:db-engines-ranking,
	title 			= {Ranking baz danych {DB}-{E}ngines},
	howpublished 	= {\url{https://db-engines.com/en/ranking}},
	note 			= {[data dostępu: 2021-08-10]}
}

% Metody obiektowe w teorii i w praktyce
@Book{bib:metody-obiektowe-w-teroii-i-praktyce,
  Title                    = {Metody obiektowe w teorii i w praktyce},
  Author                   = {Ian Graham},
  Publisher                = {WNT},
  Year                     = {2004},
  Address                  = {Warszawa},
  ISBN                     = {9788320428476}
}

% Programowanie zorientowane obiektowo
@Book{bib:programowanie-zorientowane-obiektowo,
  Title                    = {Programowanie zorientowane obiektowo},
  Author                   = {Bertrand Meyer},
  Publisher                = {Helion},
  Year                     = {2004},
  Address                  = {Warszawa},
  ISBN                     = {83-736-1738-8}
}

% A Relational Model of Data for Large Shared Data Banks
@Article{bib:codd-relational-model-of-data,
  Title                    = {A {R}elational {M}odel of {D}ata for {L}arge {S}hared {D}ata {B}anks},
  Author                   = {Edgar F. Codd},
  Journal                  = {Communications of the ACM},
  Year                     = {1970},
  Volume                   = {13},
  Number                   = {6},
  Pages                    = {377-387}
}
 
 
% Oracle - Multimodel Database
@misc{bib:oracle-multimodel-database,
	title 			= {Oracle Database 19 - Multimodel Database},
	howpublished 	= {\url{https://www.oracle.com/a/tech/docs/multimodel19c-wp.pdf}},
	note 			= {[data dostępu: 2021-08-21]}
}

% Oracle - Database Concepts Release 19
@misc{bib:oracle-database-concepts,
	title 			= {Oracle Database 19 - Database Concepts},
	howpublished 	= {\url{https://docs.oracle.com/en/database/oracle/oracle-database/19/cncpt}},
	note 			= {[data dostępu: 2021-08-21]}
}

% IBM Db2 - IBM Db2 Version 11.5 documentation
@misc{bib:db2-documentation,
	title 			= {IBM Db2 Version 11.5 documentation},
	howpublished 	= {\url{https://www.ibm.com/docs/en/db2/11.5}},
	note 			= {[data dostępu: 2021-08-21]}
}

% Postgres - PostgreSQL 13.4 Documentation
@misc{bib:postgres-documentation,
	title 			= {PostgreSQL 13.4 documentation},
	howpublished 	= {\url{https://www.postgresql.org/docs/13/index.html}},
	note 			= {[data dostępu: 2021-08-21]}
}

% Microsoft SQL Server - End-User License Agreement
@misc{bib:mssql-license-agreement,
	title 			= {Microsoft SQL Server - End-User License Agreement},
	howpublished 	= {\url{https://documentation.commvault.com/11.21/essential/50060_microsoft_sql_server_eula.html}},
	note 			= {[data dostępu: 2021-08-21]}
}

% Standard SQL 2003 - Part 2: Foundation (SQL/Foundation)
@techreport{bib:sql-standard-part-2-foundation,
    Institution = {International Organization for Standardization},
    address = {Stany Zjednoczone},
    Title = {Information technology -- {D}atabase languages -- {SQL} -- {P}art 2: {F}oundation ({SQL}/{Foundation})},
    number = {ISO/IEC 9075-2:2003},
    Type = {Standard},
    Year = {2003}
}

% Standard SQL 2003 - Part 10: Object Language Bindings (SQL/OLB)
@techreport{bib:sql-standard-part-10-olb,
    Institution = {International Organization for Standardization},
    address = {Stany Zjednoczone},
    Title = {Information technology -- {D}atabase languages -- {SQL} -- {P}art 2: {O}bject {L}anguage {B}indings ({SQL/OLB})},
    number = {ISO/IEC 9075-10:2003},
    Type = {Standard},
    Year = {2003}
}

% Docker - Postgres
@misc{bib:docker-postgres,
	title 			= {PostgreSQL Docker image on Docker Hub},
	howpublished 	= {\url{https://hub.docker.com/_/postgres}},
	note 			= {[data dostępu: 2021-08-26]}
}

% Docker - Db2
@misc{bib:docker-db2,
	title 			= {IBM Db2 Community Edition Docker image on Docker Hub},
	howpublished 	= {\url{https://hub.docker.com/r/ibmcom/db2}},
	note 			= {[data dostępu: 2021-08-26]}
}

% Docker - Oracle
@misc{bib:docker-oracle,
	title 			= {Oracle Database Docker images repository on GitHub},
	howpublished 	= {\url{https://github.com/oracle/docker-images}},
	note 			= {[data dostępu: 2021-08-26]}
}

% Docker - pgadmin
@misc{bib:docker-pgadmin,
	title 			= {pgAdmin 4 Docker image on Docker Hub},
	howpublished 	= {\url{https://hub.docker.com/r/dpage/pgadmin4/}},
	note 			= {[data dostępu: 2021-08-26]}
}

% Dataset - IMDb
@misc{bib:dataset-imdb,
	title 			= {IMDb Datasets},
	howpublished 	= {\url{https://www.imdb.com/interfaces/}},
	note 			= {[data dostępu: 2021-08-26]}
}

% Dataset - Amazon
@misc{bib:dataset-amazon,
	title 			= {Amazon Datasets},
	howpublished 	= {\url{https://registry.opendata.aws/}},
	note 			= {[data dostępu: 2021-08-26]}
}

% GitHub - Names
@misc{bib:github-names,
	title 			= {GitHub repository for Names Dataset},
	howpublished 	= {\url{https://github.com/smashew/NameDatabases}},
	note 			= {[data dostępu: 2021-08-28]}
}

% GitHub - Lorem Ipsum
@misc{bib:github-lorem,
	title 			= {GitHub repository for Lorem Ipsum Generator},
	howpublished 	= {\url{https://github.com/mdeanda/lorem}},
	note 			= {[data dostępu: 2021-08-28]}
}

% A Survey and Comparison of Relational and Non-Relational Database
@Article{bib:survey-and-comparison-of-rel-and-non-rel-databases,
  title     = {A Survey and Comparison of Relational and Non-Relational Database},
  author    = {Nishtha Jatana and Sahil Puri and Mehak Ahuja and Ishita Kathuria and Dishant Gosain},
  journal   = {International journal of engineering research and technology},
  year      = {2012},
  volume    = {1},
  Number      = {6},
}

% Building Event-Driven Microservices: Leveraging Organizational Data at Scale
@Book{bib:event-driven-microservices,
  Title                    = {Building Event-Driven Microservices: Leveraging Organizational Data at Scale},
  Author                   = {Adam Bellemare},
  Publisher                = {O'Reilly Media},
  Year                     = {2020},
  ISBN                     = {978-1492057895}
}

% Martin Fowler - Patterns of Enterprise Application Architecture
@Book{bib:fowler-patterns-of-enterprise-application-architecture,
  Title                    = {Patterns of Enterprise Application Architecture},
  Author                   = {Martin Fowler},
  Publisher                = {Addison-Wesley Professional},
  Year                     = {2003},
  ISBN                     = {978-0321127426}
}

% Comparison Analysis of Object-Based Databases, Object- Oriented Databases, and Object Relational Databases
@Article{bib:comparison-analysis-of-object-and-or-databases,
  title     = {Comparison Analysis of Object-Based Databases, Object-Oriented Databases, and Object Relational Databases},
  author    = {Ogunlere, Sam and Idowu, Sunday},
  journal   = {Asian Journal of Computer and Information Systems},
  year      = {2015},
  volume    = {3},
  Number    = {2},
}

% Integrating XML Technology with Object-Relational Databases into Decision Support Systems
@Article{bib:integrating-xml-technology-with-or-databases,
  title     = {Integrating XML Technology with Object-Relational Databases into Decision Support Systems},
  author    = {Jordão, Ticiano and Botha, Iuliana and Adela, Bâra and Oprea, Simona},
  journal   = {Database Systems Journal},
  year      = {2012},
  volume    = {III},
  Number    = {1},
}
 
% zrodlo internetowe
%MISC{bib:url,
  %author = {{Autor, jesli znany}},
  %title = {https://www.fbi.gov/news/stories/forging-papers-to-sell-fake-art. Dost{\k{e}}p 6.05.2017},
  %url = "https://www.fbi.gov/news/stories/forging-papers-to-sell-fake-art"
%}




